@article{art1,
  title = {Metaheuristic optimization algorithm based on the two-step Adams-Bashforth method in training multi-layer perceptrons},
  volume = {2},
  ISSN = {1729-3774},
  url = {http://dx.doi.org/10.15587/1729-4061.2022.254023},
  DOI = {10.15587/1729-4061.2022.254023},
  number = {4 (116)},
  journal = {Eastern-European Journal of Enterprise Technologies},
  publisher = {Private Company Technology Center},
  author = {Khudhur,  Hisham M. and Ibraheem,  Kais I.},
  year = {2022},
  month = apr,
  pages = {6–13}
}

@article{art2,
  title = {Optimization algorithm based on the Euler method for solving fuzzy nonlinear equations},
  volume = {1},
  ISSN = {1729-3774},
  url = {http://dx.doi.org/10.15587/1729-4061.2022.252014},
  DOI = {10.15587/1729-4061.2022.252014},
  number = {4 (115)},
  journal = {Eastern-European Journal of Enterprise Technologies},
  publisher = {Private Company Technology Center},
  author = {Ibraheem,  Kais I. and Khudhur,  Hisham M.},
  year = {2022},
  month = feb,
  pages = {13–19}
}

@article{art3,
  title = {A new parameter in three-term conjugate gradient algorithms for unconstrained optimization},
  volume = {23},
  ISSN = {2502-4752},
  url = {http://dx.doi.org/10.11591/ijeecs.v23.i1.pp338-344},
  DOI = {10.11591/ijeecs.v23.i1.pp338-344},
  number = {1},
  journal = {Indonesian Journal of Electrical Engineering and Computer Science},
  publisher = {Institute of Advanced Engineering and Science},
  author = {Ahmed,  Alaa Saad and Khudhur,  Hisham M. and Najmuldeen,  Mohammed S.},
  year = {2021},
  month = jul,
  pages = {338}
}

@article{art4,
  title = {Function minimization by conjugate gradients},
  volume = {7},
  ISSN = {1460-2067},
  url = {http://dx.doi.org/10.1093/comjnl/7.2.149},
  DOI = {10.1093/comjnl/7.2.149},
  number = {2},
  journal = {The Computer Journal},
  publisher = {Oxford University Press (OUP)},
  author = {Fletcher,  R.},
  year = {1964},
  month = feb,
  pages = {149–154}
}

@article{art5,
  title = {A Nonlinear Conjugate Gradient Method with a Strong Global Convergence Property},
  volume = {10},
  ISSN = {1095-7189},
  url = {http://dx.doi.org/10.1137/S1052623497318992},
  DOI = {10.1137/s1052623497318992},
  number = {1},
  journal = {SIAM Journal on Optimization},
  publisher = {Society for Industrial & Applied Mathematics (SIAM)},
  author = {Dai,  Y. H. and Yuan,  Y.},
  year = {1999},
  month = jan,
  pages = {177–182}
}

@article{art6,
  title = {Note sur la convergence de méthodes de directions conjuguées},
  volume = {3},
  ISSN = {0373-8000},
  url = {http://dx.doi.org/10.1051/m2an/196903r100351},
  DOI = {10.1051/m2an/196903r100351},
  number = {16},
  journal = {Revue fran\c{c}aise d’informatique et de recherche opérationnelle. Série rouge},
  publisher = {EDP Sciences},
  author = {Polak,  E. and Ribiere,  G.},
  year = {1969},
  pages = {35–43}
}

@article{art7,
  title = {New Conjugacy Conditions and Related Nonlinear Conjugate Gradient Methods},
  volume = {43},
  ISSN = {1432-0606},
  url = {http://dx.doi.org/10.1007/s002450010019},
  DOI = {10.1007/s002450010019},
  number = {1},
  journal = {Applied Mathematics and Optimization},
  publisher = {Springer Science and Business Media LLC},
  author = {Dai,  Y. -H.},
  year = {2001},
  month = jan,
  pages = {87–101}
}

@article{art8,
  author  = "M. R. Hestenes and E. Stiefel",
  title   = "Methods of conjugate gradients for solving linear systems",
  journal = "Journal of Research of the Nat ional Bureau of Standards",
  year    = 1952,
  volume  = "49",
  number  = "1",
}

@article{art9,
  title = {A new formula for conjugate parameter computation based on the quadratic model},
  volume = {13},
  ISSN = {2502-4752},
  url = {http://dx.doi.org/10.11591/ijeecs.v13.i3.pp954-961},
  DOI = {10.11591/ijeecs.v13.i3.pp954-961},
  number = {3},
  journal = {Indonesian Journal of Electrical Engineering and Computer Science},
  publisher = {Institute of Advanced Engineering and Science},
  author = {Abbas Hassan,  Basim},
  year = {2019},
  month = mar,
  pages = {954}
}

@article{art10,
  title = {A new variants of quasi-newton equation based on the quadratic function for unconstrained optimization},
  volume = {19},
  ISSN = {2502-4752},
  url = {http://dx.doi.org/10.11591/ijeecs.v19.i2.pp701-708},
  DOI = {10.11591/ijeecs.v19.i2.pp701-708},
  number = {2},
  journal = {Indonesian Journal of Electrical Engineering and Computer Science},
  publisher = {Institute of Advanced Engineering and Science},
  author = {Hassan,  Basim Abbas and Taha,  Mohammed W.},
  year = {2020},
  month = aug,
  pages = {701}
}

@article{art11,
  title = {A new kind of parameter conjugate gradient for unconstrained optimization},
  volume = {17},
  ISSN = {2502-4752},
  url = {http://dx.doi.org/10.11591/ijeecs.v17.i1.pp404-411},
  DOI = {10.11591/ijeecs.v17.i1.pp404-411},
  number = {1},
  journal = {Indonesian Journal of Electrical Engineering and Computer Science},
  publisher = {Institute of Advanced Engineering and Science},
  author = {Hassan,  Basim Abbas and Dahawi,  Hussein O. and Younus,  Azzam S.},
  year = {2020},
  month = jan,
  pages = {404}
}

@article{art12,
  title = {A New Type of Conjugate Gradient Technique for Solving Fuzzy Nonlinear Algebraic Equations},
  volume = {1879},
  ISSN = {1742-6596},
  url = {http://dx.doi.org/10.1088/1742-6596/1879/2/022111},
  DOI = {10.1088/1742-6596/1879/2/022111},
  number = {2},
  journal = {Journal of Physics: Conference Series},
  publisher = {IOP Publishing},
  author = {Khudhur,  Hisham M. and Abbo,  Khalil K.},
  year = {2021},
  month = may,
  pages = {022111}
}

@article{art13,
  title = {Modification of the new conjugate gradient algorithm to solve nonlinear fuzzy equations},
  volume = {27},
  ISSN = {2502-4752},
  url = {http://dx.doi.org/10.11591/ijeecs.v27.i3.pp1525-1532},
  DOI = {10.11591/ijeecs.v27.i3.pp1525-1532},
  number = {3},
  journal = {Indonesian Journal of Electrical Engineering and Computer Science},
  publisher = {Institute of Advanced Engineering and Science},
  author = {Abdullah,  Zeyad M. and M. Khudhur,  Hisham and Khairulla Ahmed,  Amera},
  year = {2022},
  month = sep,
  pages = {1525}
}

@inproceedings{art14,
  title = {A Research on Chaotic Recurrent Fuzzy Neural Network and Its Convergence},
  url = {http://dx.doi.org/10.1109/ICMA.2007.4303626},
  DOI = {10.1109/icma.2007.4303626},
  booktitle = {2007 International Conference on Mechatronics and Automation},
  publisher = {IEEE},
  author = {Tang,  Mo and Wang,  Ke jun and Zhang,  Yan},
  year = {2007},
  month = aug 
}

@article{art15,
  title = {Conjugate Gradient Algorithms: Quadratic Termination without Linear Searches},
  volume = {15},
  ISSN = {1464-3634},
  url = {http://dx.doi.org/10.1093/imamat/15.1.9},
  DOI = {10.1093/imamat/15.1.9},
  number = {1},
  journal = {IMA Journal of Applied Mathematics},
  publisher = {Oxford University Press (OUP)},
  author = {DIXON,  L. C. W.},
  year = {1975},
  pages = {9–18}
}

@article{art16,
  author  = "M. Tang, K. jun Wang, and Y. Zhang",
  title   = "A research on chaotic recurrent fuzzy neural network and its convergence",
  journal = "International Conference on Mechatronics and Automation",
  year    = 2007,
  pages   = "682--687",
}

@article{art17,
  title = {Two descent hybrid conjugate gradient methods for optimization},
  volume = {216},
  ISSN = {0377-0427},
  url = {http://dx.doi.org/10.1016/j.cam.2007.04.028},
  DOI = {10.1016/j.cam.2007.04.028},
  number = {1},
  journal = {Journal of Computational and Applied Mathematics},
  publisher = {Elsevier BV},
  author = {Zhang,  Li and Zhou,  Weijun},
  year = {2008},
  month = jun,
  pages = {251–264}
}

@article{art18,
  title = {Two New PRP Conjugate Gradient Algorithms for Minimization Optimization Models},
  volume = {10},
  ISSN = {1932-6203},
  url = {http://dx.doi.org/10.1371/journal.pone.0140071},
  DOI = {10.1371/journal.pone.0140071},
  number = {10},
  journal = {PLOS ONE},
  publisher = {Public Library of Science (PLoS)},
  author = {Yuan,  Gonglin and Duan,  Xiabin and Liu,  Wenjie and Wang,  Xiaoliang and Cui,  Zengru and Sheng,  Zhou},
  editor = {Shi,  Yongtang},
  year = {2015},
  month = oct,
  pages = {e0140071}
}

@article{art19,
  title = {A Modified Hestenes and Stiefel Conjugate Gradient Algorithm for Large-Scale Nonsmooth Minimizations and Nonlinear Equations},
  volume = {168},
  ISSN = {1573-2878},
  url = {http://dx.doi.org/10.1007/s10957-015-0781-1},
  DOI = {10.1007/s10957-015-0781-1},
  number = {1},
  journal = {Journal of Optimization Theory and Applications},
  publisher = {Springer Science and Business Media LLC},
  author = {Yuan,  Gonglin and Meng,  Zehong and Li,  Yong},
  year = {2015},
  month = jul,
  pages = {129–152}
}

@article{art20,
  title = {A modified Polak–Ribière–Polyak conjugate gradient algorithm for nonsmooth convex programs},
  volume = {255},
  ISSN = {0377-0427},
  url = {http://dx.doi.org/10.1016/j.cam.2013.04.032},
  DOI = {10.1016/j.cam.2013.04.032},
  journal = {Journal of Computational and Applied Mathematics},
  publisher = {Elsevier BV},
  author = {Yuan,  Gonglin and Wei,  Zengxin and Li,  Guoyin},
  year = {2014},
  month = jan,
  pages = {86–96}
}

@article{art21,
  title = {A new family of hybrid three-term conjugate gradient methods with applications in image restoration},
  volume = {91},
  ISSN = {1572-9265},
  url = {http://dx.doi.org/10.1007/s11075-022-01258-2},
  DOI = {10.1007/s11075-022-01258-2},
  number = {1},
  journal = {Numerical Algorithms},
  publisher = {Springer Science and Business Media LLC},
  author = {Jiang,  Xianzhen and Liao,  Wei and Yin,  Jianghua and Jian,  Jinbao},
  year = {2022},
  month = mar,
  pages = {161–191}
}

@article{art22,
  title = {A conjugate gradient algorithm and its application in large-scale optimization problems and image restoration},
  volume = {2019},
  ISSN = {1029-242X},
  url = {http://dx.doi.org/10.1186/s13660-019-2192-6},
  DOI = {10.1186/s13660-019-2192-6},
  number = {1},
  journal = {Journal of Inequalities and Applications},
  publisher = {Springer Science and Business Media LLC},
  author = {Yuan,  Gonglin and Li,  Tingting and Hu,  Wujie},
  year = {2019},
  month = sep 
}

@article{art23,
  title = {A conjugate gradient algorithm for large-scale nonlinear equations and image restoration problems},
  volume = {147},
  ISSN = {0168-9274},
  url = {http://dx.doi.org/10.1016/j.apnum.2019.08.022},
  DOI = {10.1016/j.apnum.2019.08.022},
  journal = {Applied Numerical Mathematics},
  publisher = {Elsevier BV},
  author = {Yuan,  Gonglin and Li,  Tingting and Hu,  Wujie},
  year = {2020},
  month = jan,
  pages = {129–141}
}

@article{art24,
  title = {Minimization of a Detail-Preserving Regularization Functional for Impulse Noise Removal},
  volume = {29},
  ISSN = {1573-7683},
  url = {http://dx.doi.org/10.1007/s10851-007-0027-4},
  DOI = {10.1007/s10851-007-0027-4},
  number = {1},
  journal = {Journal of Mathematical Imaging and Vision},
  publisher = {Springer Science and Business Media LLC},
  author = {Cai,  Jian-Feng and Chan,  Raymond H. and Di Fiore,  Carmine},
  year = {2007},
  month = sep,
  pages = {79–91}
}

@inbook{art25,
  title = {Minimization of an Edge-Preserving Regularization Functional by Conjugate Gradient Type Methods},
  ISBN = {9783540332671},
  ISSN = {1612-3786},
  url = {http://dx.doi.org/10.1007/978-3-540-33267-1_7},
  DOI = {10.1007/978-3-540-33267-1_7},
  booktitle = {Mathematics and Visualization},
  publisher = {Springer Berlin Heidelberg},
  author = {Cai,  Jian-Feng and Chan,  Raymond and Morini,  Benedetta},
  year = {2007},
  pages = {109–122}
}

@article{art26,
  title = {A descent spectral conjugate gradient method for impulse noise removal},
  volume = {23},
  ISSN = {0893-9659},
  url = {http://dx.doi.org/10.1016/j.aml.2010.01.010},
  DOI = {10.1016/j.aml.2010.01.010},
  number = {5},
  journal = {Applied Mathematics Letters},
  publisher = {Elsevier BV},
  author = {Yu,  Gaohang and Huang,  Jinhong and Zhou,  Yi},
  year = {2010},
  month = may,
  pages = {555–560}
}

@article{IsmailIbrahim2022,
  title = {Modified three-term conjugate gradient algorithm and its applications in image restoration},
  volume = {28},
  ISSN = {2502-4752},
  url = {http://dx.doi.org/10.11591/ijeecs.v28.i3.pp1510-1517},
  DOI = {10.11591/ijeecs.v28.i3.pp1510-1517},
  number = {3},
  journal = {Indonesian Journal of Electrical Engineering and Computer Science},
  publisher = {Institute of Advanced Engineering and Science},
  author = {Ismail Ibrahim,  Yahya and Mohammed Khudhur,  Hisham},
  year = {2022},
  month = dec,
  pages = {1510}
}